@BOOK{ 	design-pattern,
		author="Erich Gamma, Richard Helm, Ralph Johnson and Jon Vlissides",
		title = "Design Patterns, Elements of Reusable Object Oriented Software",
		publisher="Kevin Zhang",
		URL="http://www.uml.org.cn/c++/pdf/DesignPatterns.pdf",
		year="2004",
		bibdate= "30.08.2015"
}

@article{	control-sets,
			author="M. Pivtoraiko and A. Kelly",
			title="Generating near minimal spanning control sets for constrained motion planning in discrete state spaces",
			journal="In Proceedings of the 2005 IEEE/RSJ International Conference on Intelligent Robots and Systems (IROS 2005)",
			pages="3231-3237",
			year="2005"
}